<record xmlns="http://www.loc.gov/MARC21/slim" xmlns:xsi="http://www.w3.org/2001/XMLSchema-instance" xsi:schemaLocation="http://www.loc.gov/MARC21/slim http://www.loc.gov/standards/marcxml/schema/MARC21slim.xsd"><leader>01537nam a2200289   4500</leader><controlfield tag="001">001682745</controlfield><controlfield tag="003">NNU</controlfield><controlfield tag="006">m        d        </controlfield><controlfield tag="007">cr cn |||m|||a</controlfield><controlfield tag="008">140707s1957    sy      ob    000 0 ara</controlfield><datafield ind1=" " ind2=" " tag="040"><subfield code="a">NNU</subfield><subfield code="b">eng</subfield><subfield code="c">NNU</subfield></datafield><datafield ind1="1" ind2=" " tag="100"><subfield code="a">Ibn al-Anb&#257;r&#299;, &#699;Abd al-Ra&#7717;m&#257;n ibn Mu&#7717;ammad,</subfield><subfield code="d">1119-1181.</subfield></datafield><datafield ind1="1" ind2="0" tag="245"><subfield code="a">Ris&#257;lat&#257;n li-Ibn al-Anb&#257;r&#299;</subfield><subfield code="h">[electronic resource] :</subfield><subfield code="b">al-Ighr&#257;b f&#299; jadali al-i&#699;r&#257;b, wa-Lam&#699; al-adillah f&#299; u&#7779;&#363;l al-na&#7717;w. /</subfield><subfield code="c">ta&#700;l&#299;f Ab&#299; al-Barak&#257;t &#699;Abd al- Ra&#7717;m&#257;n Kam&#257;l al-D&#299;n ibn Mu&#7717;ammad al-Anb&#257;r&#299;. Qaddama lahum&#257; wa-&#699;an&#225; bi- ta&#7717;q&#299;qihum&#257; Sa&#699;&#299;d al-Afgh&#257;n&#299;.</subfield></datafield><datafield ind1="3" ind2=" " tag="246"><subfield code="a">Ighr&#257;b f&#299; jadali al-i&#699;r&#257;b</subfield></datafield><datafield ind1="3" ind2=" " tag="246"><subfield code="a">Lam&#699; al-adillah f&#299; u&#7779;&#363;l al-na&#7717;w</subfield></datafield><datafield ind1=" " ind2=" " tag="260"><subfield code="a">[Damascus] :</subfield><subfield code="b">Ma&#7789;ba&#699;at al-J&#257;mi&#699;ah a-S&#363;r&#299;yah,</subfield><subfield code="c">1957.</subfield></datafield><datafield ind1=" " ind2=" " tag="300"><subfield code="a">online resource (159 p.) :</subfield><subfield code="b">facsims.</subfield></datafield><datafield ind1=" " ind2=" " tag="500"><subfield code="a">Part of the Arabic Collections Online (ACO) project, contributed by New York Univeristy Libraries.</subfield></datafield><datafield ind1=" " ind2=" " tag="504"><subfield code="a">Includes bibliographical references (p. [152]-155).</subfield></datafield><datafield ind1=" " ind2=" " tag="533"><subfield code="a">Electronic reproduction.</subfield><subfield code="b">New York, N.Y. :</subfield><subfield code="c">New York University,</subfield><subfield code="d">2014.</subfield><subfield code="5">NNU</subfield></datafield><datafield ind1=" " ind2="0" tag="650"><subfield code="a">Arabic language</subfield><subfield code="x">Syntax.</subfield></datafield><datafield ind1="1" ind2=" " tag="700"><subfield code="a">Afgh&#257;n&#299;, Sa&#699;&#299;d.</subfield></datafield><datafield ind1="2" ind2=" " tag="710"><subfield code="a">New York University.</subfield><subfield code="b">Libraries.</subfield></datafield><datafield ind1="0" ind2=" " tag="730"><subfield code="a">Arabic Collections Online.</subfield></datafield><datafield ind1="0" ind2="8" tag="776"><subfield code="i">Print version:</subfield><subfield code="a">Ibn al-Anb&#257;r&#299;, &#699;Abd al-Ra&#7717;m&#257;n ibn Mu&#7717;ammad, 1119-1181.</subfield><subfield code="t">Ris&#257;lat&#257;n li-Ibn al-Anb&#257;r&#299;</subfield><subfield code="w">(NNU)001682745</subfield><subfield code="w">(DLC)65598000</subfield></datafield><datafield ind1="4" ind2="0" tag="856"><subfield code="u">http://hdl.handle.net/2333.1/76hdr9km</subfield></datafield><datafield ind1=" " ind2=" " tag="959"><subfield code="a">NNU</subfield><subfield code="b">WEB</subfield><subfield code="c">GENI</subfield><subfield code="t">0</subfield><subfield code="m">Electronic access</subfield><subfield code="s">01</subfield></datafield></record>